<record><leader>00000cas a2200000 a 4500</leader><controlfield tag="001">27931202</controlfield><controlfield tag="008">930416d19371949caudn ne      0    0eng c</controlfield><datafield ind1=" " ind2=" " tag="010"><subfield code="a">sn 93051014 </subfield></datafield><datafield ind1=" " ind2=" " tag="040"><subfield code="a">CUY</subfield><subfield code="b">eng</subfield><subfield code="c">CNK</subfield><subfield code="d">OCLCQ</subfield><subfield code="d">CNK</subfield><subfield code="d">OCLCQ</subfield><subfield code="d">OCLCF</subfield></datafield><datafield ind1="1" ind2=" " tag="029"><subfield code="a">AU@</subfield><subfield code="b">000020039518</subfield></datafield><datafield ind1=" " ind2=" " tag="042"><subfield code="a">pcc</subfield></datafield><datafield ind1=" " ind2=" " tag="043"><subfield code="a">n-us-ca</subfield></datafield><datafield ind1="0" ind2="0" tag="245"><subfield code="a">Watsonville register-Pajaronian.</subfield></datafield><datafield ind1="3" ind2="0" tag="246"><subfield code="a">Register-Pajaronian</subfield></datafield><datafield ind1=" " ind2=" " tag="260"><subfield code="a">Watsonville, Santa Cruz County, Calif. :</subfield><subfield code="b">Fred H. Jenkins, R.C. Jenkins and Associates</subfield></datafield><datafield ind1=" " ind2=" " tag="300"><subfield code="a">v.</subfield></datafield><datafield ind1=" " ind2=" " tag="310"><subfield code="a">Daily (except Sun.)</subfield></datafield><datafield ind1="0" ind2=" " tag="362"><subfield code="a">Vol. 69, no. 105 (Sept. 1, 1937)-80th year, no. 280 (Feb. 28, 1949).</subfield></datafield><datafield ind1=" " ind2=" " tag="500"><subfield code="a">"Watsonville" appears in smaller type over rest of title.</subfield></datafield><datafield ind1=" " ind2=" " tag="530"><subfield code="a">Master negatives are available for duplication from:</subfield><subfield code="b">California Newspaper Microfilm Archive;</subfield><subfield code="c">positive copies may be purchased by the reel; for further information consult the CNMA at:</subfield><subfield code="u">http://cbsr.ucr.edu</subfield></datafield><datafield ind1=" " ind2="0" tag="651"><subfield code="a">Monterey Bay Region (Calif.)</subfield><subfield code="v">Newspapers.</subfield></datafield><datafield ind1=" " ind2="7" tag="655"><subfield code="a">Newspapers.</subfield><subfield code="2">fast</subfield><subfield code="0">(OCoLC)fst01423814</subfield></datafield><datafield ind1=" " ind2="7" tag="651"><subfield code="a">California</subfield><subfield code="z">Monterey Bay Region.</subfield><subfield code="2">fast</subfield><subfield code="0">(OCoLC)fst01342874</subfield></datafield><datafield ind1=" " ind2=" " tag="752"><subfield code="a">United States</subfield><subfield code="b">California</subfield><subfield code="c">Santa Cruz</subfield><subfield code="d">Watsonville.</subfield></datafield><datafield ind1="0" ind2="4" tag="780"><subfield code="t">Watsonville register</subfield></datafield><datafield ind1="0" ind2="4" tag="780"><subfield code="t">Evening Pajaronian</subfield><subfield code="w">(DLC)sn 94051424</subfield></datafield><datafield ind1="0" ind2="7" tag="785"><subfield code="t">Watsonville morning sun</subfield><subfield code="w">(DLC)sn 98061735</subfield></datafield><datafield ind1="0" ind2="7" tag="785"><subfield code="t">Watsonville register-Pajaronian and morning sun</subfield><subfield code="w">(DLC)sn 98061736</subfield></datafield></record>